@Article{ref,
author={Durand, Patrick AND Durand, Ren√©},
journal={Le beau journal},
title={Les tomates tueuses},
year={2007},
month={jan},
pages={24},
notes={sympathique}
}

@inproceedings{Lickorish1964AFS,
  title={A finite set of generators for the homeotopy group of a 2-manifold},
  author={W. B. R. Lickorish},
  year={1964}
}
